% High Level
	%
	@inproceedings{Mahadevan:2018tz,
	author = {Mahadevan, Sridhar},
	title = {{Imagination machines: A new challenge for artificial intelligence}},
	booktitle = {AAAI},
	year = {2018}
	}

	@inproceedings{Pearl:2018im,
	author = {Pearl, Judea},
	title = {{Theoretical impediments to machine learning with seven sparks from the causal revolution}},
	booktitle = {WSDM},
	year = {2018}
	}

	@inproceedings{Tenenbaum:2018wm,
	author = {Tenenbaum, Josh},
	title = {{Building machines that learn and think like people}},
	booktitle = {AAMAS},
	year = {2018}
	}

	@inproceedings{karpathy15neuraltalk,
	  title={Deep visual-semantic alignments for generating image descriptions},
	  author={Karpathy, Andrej and Fei-Fei, Li},
	  booktitle={CVPR},
	  year= {2015}
	}

	@book{reichenbach56time,
	title={The Direction of Time},
	author={H. Reichenbach},
	publisher={University of California Press},
	year = {1956}
	}

	@book{peters17elements,
	  title={Elements of causal inference: foundations and learning algorithms},
	  author={Peters, Jonas and Janzing, Dominik and Sch{\"o}lkopf, Bernhard},
	  year={2017},
	  publisher={MIT press}
	}
	@book{goodfellow16dlb,
	    title={Deep Learning},
	    author={Ian Goodfellow and Yoshua Bengio and Aaron Courville},
	    publisher={MIT Press},
	    note={\url{http://www.deeplearningbook.org}},
	    year = {2016}
	}
	@book{pearl18why,
	    title={The Book of Why},
	    author={Judea Pearl and Dana Mackenzie},
	    publisher={Hachette Book Group},
	    year = {2018}
	}

% Generative Modelling
	%
	@inproceedings{Yildirim:2015ur,
	author = {Yildirim, Ilker and Kulkarni, Tejas D and Freiwald, Winrich and Tenenbaum, Joshua B},
	title = {{Efficient analysis-by-synthesis in vision: A computational framework, behavioral tests, and modeling neuronal representations}},
	booktitle = {CogSci},
	year = {2015}
	}

	@inproceedings{Goodfellow:2014td,
	author = {Goodfellow, Ian J and Pouget-Abadie, Jean and Mirza, Mehdi and Xu, Bing and Warde-Farley, David and Ozair, Sherjil and Courville, Aaron C and Bengio, Yoshua},
	title = {{Generative adversarial nets}},
	booktitle = {NIPS},
	year = {2014}
	}

	@article{Kingma:2013tz,
	author = {Kingma, Diederik P and Welling, Max},
	title = {{Auto-encoding variational bayes}},
	journal = {ICLR},
	year = {2013}
	}

% Disentangling Shape - Appearance Supervised
	%
	@article{Balakrishnan:2018wo,
	author = {Balakrishnan, Guha and Zhao, Amy and Dalca, Adrian V and Durand, Fredo and Guttag, John V},
	title = {{Synthesizing images of humans in unseen poses}},
  	journal={arXiv preprint arXiv:1804.07739},
	year = {2018}
	}

	@inproceedings{Ma:2017uu,
	author = {Ma, Liqian and Jia, Xu and Sun, Qianru and Schiele, Bernt and Tuytelaars, Tinne and Gool, Luc Van},
	title = {{Pose guided person image generation}},
	booktitle = {NIPS},
	year = {2017}
	}

	@article{siarohin:2018wk,
	author = {Siarohin, Aliaksandr and Sangineto, Enver and Lathuili{\`e}re, St{\'e}phane and Sebe, Nicu},
	title = {{Deformable gans for pose-based human image generation}},
	journal = {CVPR},
	year = {2018}
	}
	@article{Lim:2018uo,
	author = {Lim, Jongin and Yoo, Youngjoon and Heo, Byeongho and Choi, Jin Young},
	title = {{Pose transforming network: Learning to disentangle human posture in variational auto-encoded latent space}},
	journal = {Pattern Recognit. Lett.},
	year = {2018}
	}

% Disentangling Unsupervised
	%
	@inproceedings{Denton:2017uf,
	author = {Denton, Emily L and Birodkar, Vighnesh},
	title = {{Unsupervised learning of disentangled representations from video}},
	booktitle = {NIPS},
	year = {2017}
	}

	@article{Burgess:2018uf,
	author = {Burgess, Christopher P and Higgins, Irina and Pal, Arka and Matthey, Loic and Watters, Nick and Desjardins, Guillaume and Lerchner, Alexander},
	title = {{Understanding disentangling in $\beta$-vae}},
  	journal={arXiv preprint arXiv:1804.03599},
	year = {2018}
	}

	@inproceedings{Hinton:2011wmc,
	author = {Hinton, Geoffrey E and Krizhevsky, Alex and Wang, Sida D},
	title = {{Transforming auto-encoders}},
	booktitle = {ICANN},
	year = {2011}
	}


	@article{Higgins2016betavae,
	title={Beta-vae: Learning basic visual concepts with a constrained variational framework},
	author={Higgins, Irina and Matthey, Loic and Pal, Arka and Burgess, Christopher and Glorot, Xavier and Botvinick, Matthew and Mohamed, Shakir and Lerchner, Alexander},
	journal = {ICLR},
	year={2017}
	}

	@article{Desjardins2012dr,
	title={Disentangling factors of variation via generative entangling},
	author={Desjardins, Guillaume and Courville, Aaron and Bengio, Yoshua},
	journal={arXiv preprint arXiv:1210.5474},
	year={2012}
	}

	@article{Bengio2013rep,
	author = {Bengio, Yoshua and Courville, Aaron and Vincent, Pascal},
	title = {{Representation learning: A review and new perspectives}},
	journal = {TPAMI},
	year = {2013}
	}

	@article{Chen2016infogan,
	author = {Chen, Xi and Duan, Yan and Houthooft, Rein and Schulman, John and Sutskever, Ilya and Abbeel, Pieter},
	title = {{Infogan: Interpretable representation learning by information maximizing generative adversarial nets}},
	journal = {NIPS},
	year = {2016}
	}

	@article{Eastwood2018dr,
	title={A framework for the quantitative evaluation of disentangled representations},
	author={Eastwood, Cian and Williams, Christopher KI},
	journal = {ICLR},
	year={2018}
	}

	@inproceedings{Worrall:2017tg,
	author = {Worrall, Daniel E and Garbin, Stephan J and Turmukhambetov, Daniyar and Brostow, Gabriel J},
	title = {{Interpretable transformations with encoder-decoder networks}},
	booktitle = {ICCV},
	year = {2017}
	}

	@inproceedings{Li2018analogy,
	title={Unsupervised disentangled representation learning with analogical relations},
	author={Li, Zejian and Tang, Yongchuan and He, Yongxing},
	booktitle = {IJCAI},
	year={2018}
	}


% Disentangling Shape - Appearance Unsupervised
	%
	@inproceedings{Shu:2018ua,
	author = {Shu, Zhixin and Sahasrabudhe, Mihir and G{\"u}ler, Riza Alp and Samaras, Dimitris and Paragios, Nikos and Kokkinos, Iasonas},
	title = {{Deforming autoencoders: Unsupervised disentangling of shape and appearance}},
	booktitle = {ECCV},
	year = {2018}
	}

	@article{Xing:2018un,
	author = {Xing, Xianglei and Gao, Ruiqi and Han, Tian and Zhu, Song-Chun and Wu, Ying Nian},
	title = {{Deformable generator network: Unsupervised disentanglement of appearance and geometry}},
  	journal={arXiv preprint arXiv:1806.06298},
	year = {2018}
	}

% Parts
	%
	@article{Fischler1973rep,
	title={The representation and matching of pictorial structures},
	author={Fischler, Martin A and Elschlager, Robert A},
	journal={IEEE Transactions on computers},
	year={1973},
	publisher={IEEE}
	}
	@inproceedings{Fergus2003object,
	  title={Object class recognition by unsupervised scale-invariant learning},
	  author={Fergus, Robert and Perona, Pietro and Zisserman, Andrew},
	  booktitle={CVPR},
	  year={2003}
	}

	@inproceedings{Novotny:2017ta,
	author = {Novotny, David and Larlus, Diane and Vedaldi, Andrea},
	title = {{Anchornet: A weakly supervised network to learn geometry-sensitive features for semantic matching}},
	booktitle = {CVPR},
	year = {2017}
	}

	@article{Mesnil:2013hi,
	author = {Mesnil, Gr{\'e}goire and Bordes, Antoine and Weston, Jason and Chechik, Gal and Bengio, Yoshua},
	title = {{Learning semantic representations of objects and their parts}},
	journal = {Mach Learn},
	year = {2013}
	}

	@article{Biederman:1987tc,
	author = {Biederman, Irving},
	title = {{Recognition-by-components: A theory of human image understanding}},
	journal = {Psychol. Rev.},
	year = {1987}
	}


	@inproceedings{Sabour:2017ts,
	author = {Sabour, Sara and Frosst, Nicholas and Hinton, Geoffrey E},
	title = {{Dynamic routing between capsules}},
	booktitle = {NIPS},
	year = {2017}
	}

	@article{Felzenszwalb:2010ve,
	author = {Felzenszwalb, Pedro F and Girshick, Ross B and McAllester, David A and Ramanan, Deva},
	title = {{Object detection with discriminatively trained part-based models}},
	journal = {TPAMI},
	year = {2010}
	}

	@inproceedings{Lam:2017ta,
	author = {Lam, Michael and Mahasseni, Behrooz and Todorovic, Sinisa},
	title = {{Fine-grained recognition as hsnet search for informative image parts}},
	booktitle = {CVPR},
	year = {2017}
	}
	@inproceedings{Nguyen:2013vk,
	author = {Nguyen, Tu Dinh and Tran, Truyen and Phung, Dinh Q and Venkatesh, Svetha},
	title = {{Learning parts-based representations with nonnegative restricted boltzmann machine}},
	booktitle = {ACML},
	year = {2013}
	}

	@inproceedings{Cootes:1998tn,
	author = {Cootes, Timothy F. and Edwards, Gareth J. and Taylor, Christopher J.},
	title = {{Active appearance models}},
	booktitle = {ECCV},
	year = {1998}
	}

	@inproceedings{Singh:2012un,
	author = {Singh, Saurabh and Gupta, Abhinav and Efros, Alexei A},
	title = {{Unsupervised discovery of mid-level discriminative patches}},
	booktitle = {ECCV},
	year = {2012}
	}

	@article{Ross:2006uc,
	author = {Ross, David A and Zemel, Richard S},
	title = {{Learning parts-based representations of data}},
	journal = {JMLR},
	year = {2006}
	}

	@inproceedings{Yang:2016uo,
	author = {Yang, Wei and Ouyang, Wanli and Li, Hongsheng and Wang, Xiaogang},
	title = {{End-to-end learning of deformable mixture of parts and deep convolutional neural networks for human pose estimation}},
	booktitle = {CVPR},
	year = {2016}
	}

% Supervised Landmarks Pose
	%

	@inproceedings{Cao:2017vv,
	author = {Cao, Zhe and Simon, Tomas and Wei, Shih-En and Sheikh, Yaser},
	title = {{Realtime multi-person 2d pose estimation using part affinity fields}},
	booktitle = {CVPR},
	year = {2017}
	}

	@inproceedings{Pfister:2015uo,
	author = {Pfister, Tomas and Charles, James and Zisserman, Andrew},
	title = {{Flowing convnets for human pose estimation in videos}},
	booktitle = {ICCV},
	year = {2015}
	}

	@inproceedings{Wei:2016ws,
	author = {Wei, Shih-En and Ramakrishna, Varun and Kanade, Takeo and Sheikh, Yaser},
	title = {{Convolutional pose machines}},
	booktitle = {CVPR},
	year = {2016}
	}


	@inproceedings{Zhang:2013tr,
	author = {Zhang, Weiyu and Zhu, Menglong and Derpanis, Konstantinos G},
	title = {{From actemes to action: A strongly-supervised representation for detailed action understanding}},
	booktitle = {ICCV},
	year = {2013}
	}

	@article{Ma:2017wq,
	author = {Ma, Liqian and Sun, Qianru and Georgoulis, Stamatios and Gool, Luc Van and Schiele, Bernt and Fritz, Mario},
	title = {{Disentangled person image generation}},
	journal = {CVPR},
	year = {2017}
	}

	@inproceedings{Toshev:2014tp,
	author = {Toshev, Alexander and Szegedy, Christian},
	title = {{Deeppose: Human pose estimation via deep neural networks}},
	booktitle = {CVPR},
	year = {2014}
	}

	@inproceedings{Ionescu:2011ue,
	author = {Ionescu, Catalin and Li, Fuxin and Sminchisescu, Cristian},
	title = {{Latent structured models for human pose estimation}},
	booktitle = {ICCV},
	year = {2011}
	}

	@article{deBem:2018wp,
	author = {de Bem, Rodrigo and Ghosh, Arnab and Ajanthan, Thalaiyasingam and Miksik, Ondrej and Siddharth, N and Torr, Philip H S},
	title = {{Dgpose: Disentangled semi-supervised deep generative models for human body analysis}},
    journal={arXiv preprint arXiv:1804.06364},
	year = {2018}
	}

% Supervised Landmarks Face
	%
	@inproceedings{Zhang:2014wy,
	author = {Zhang, Zhanpeng and Luo, Ping and Loy, Chen Change and Tang, Xiaoou},
	title = {{Facial landmark detection by deep multi-task learning}},
	booktitle = {ECCV},
	year = {2014}
	}

	@inproceedings{Liu:2015vj,
	author = {Liu, Ziwei and Luo, Ping and Wang, Xiaogang and Tang, Xiaoou},
	title = {{Deep learning face attributes in the wild}},
	booktitle = {ICCV},
	year = {2015}
	}

	@article{Zhang:2016vx,
	author = {Zhang, Zhanpeng and Luo, Ping and Loy, Chen Change and Tang, Xiaoou},
	title = {{Learning deep representation for face alignment with auxiliary attributes}},
	journal = {TPAMI},
	year = {2016}
	}

	@article{Ranjan:2016vv,
	author = {Ranjan, Rajeev and Patel, Vishal M and Chellappa, Rama},
	title = {{Hyperface: A deep multi-task learning framework for face detection, landmark localization, pose estimation, and gender recognition}},
	journal = {TPAMI},
	year = {2017}
	}

	@inproceedings{Zhu:2015tz,
	author = {Zhu, Shizhan and Li, Cheng and Loy, Chen Change and Tang, Xiaoou},
	title = {{Face alignment by coarse-to-fine shape searching}},
	booktitle = {CVPR},
	year = {2015}
	}

	@article{Wu:2017vc,
	author = {Wu, Yue and Ji, Qiang},
	title = {{Robust facial landmark detection under significant head poses and occlusion}},
	journal = {CVPR},
	year = {2015}
	}

	@inproceedings{Pedersoli:2014ta,
	author = {Pedersoli, Marco and Timofte, Radu and Tuytelaars, Tinne and Gool, Luc J Van},
	title = {{Using a deformation field model for localizing faces and facial points under weak supervision}},
	booktitle = {CVPR},
	year = {2014}
	}

	@inproceedings{Kokkinos:2007wj,
	author = {Kokkinos, Iasonas and Yuille, Alan L},
	title = {{Unsupervised learning of object deformation models}},
	booktitle = {ICCV},
	year = {2007}
	}

% Unsupervised Landmarks
	%

	@inproceedings{Lenc:2016tz,
	author = {Lenc, Karel and Vedaldi, Andrea},
	title = {{Learning covariant feature detectors}},
	booktitle = {ECCV Workshops},
	year = {2016}
	}

% Direct Comparison
	%
	@inproceedings{Zhang:2018vz,
	title={Unsupervised discovery of object landmarks as structural representations},
	author={Zhang, Yuting and Guo, Yijie and Jin, Yixin and Luo, Yijun and He, Zhiyuan and Lee, Honglak},
	booktitle={CVPR},
	year={2018}
	}

	@inproceedings{Thewlis:2017wg,
	author = {Thewlis, James and Bilen, Hakan and Vedaldi, Andrea},
	title = {{Unsupervised learning of object frames by dense equivariant image labelling}},
	booktitle = {NIPS},
	year = {2017}
	}

	@inproceedings{Thewlis:2017wi,
	author = {Thewlis, James and Bilen, Hakan and Vedaldi, Andrea},
	title = {{Unsupervised learning of object landmarks by factorized spatial embeddings}},
	booktitle = {ICCV},
	year = {2017}
	}

	@article{Jakab:2018wc,
	author = {Jakab, Tomas and Gupta, Ankush and Bilen, Hakan and Vedaldi, Andrea},
	title = {{Conditional image generation for learning the structure of visual objects}},
	journal = {NIPS},
	year = {2018}
	}

	@article{Esser:2018ue,
	author = {Esser, Patrick and Sutter, Ekaterina and Ommer, Bj{\"o}rn},
	title = {{A variational u-net for conditional appearance and shape generation}},
	journal = {CVPR},
	year = {2018}
	}

	@inproceedings{Yu:2016vi,
	author = {Yu, Xiang and Zhou, Feng and Chandraker, Manmohan},
	title = {{Deep deformation network for object landmark localization}},
	booktitle = {ECCV},
	year = {2016}
	}

% Re-ID
	%
	@article{Hermans:2017,
	  title={In defense of the triplet loss for person re-identification},
	  author={Hermans, Alexander and Beyer, Lucas and Leibe, Bastian},
	  journal={arXiv preprint arXiv:1703.07737},
	  year={2017}
	}

	@inproceedings{Xiao:2017,
	  title={Joint detection and identification feature learning for person search},
	  author={Xiao, Tong and Li, Shuang and Wang, Bochao and Lin, Liang and Wang, Xiaogang},
	  booktitle={CVPR},
	  year={2017},
	  organization={IEEE}
	}

% Datasets
	%
	@inproceedings{Liu:2016vv,
	author = {Liu, Ziwei and Luo, Ping and Qiu, Shi and Wang, Xiaogang and Tang, Xiaoou},
	title = {{Deepfashion: Powering robust clothes recognition and retrieval with rich annotations}},
	booktitle = {CVPR},
	year = {2016}
	}

	@article{Ionescu:2014ua,
	author = {Ionescu, Catalin and Papava, Dragos and Olaru, Vlad and Sminchisescu, Cristian},
	title = {{Human3.6m: Large scale datasets and predictive methods for 3d human sensing in natural environments}},
	journal = {TPAMI},
	year = {2014}
	}

	@inproceedings{Charles:2013tb,
	author = {Charles, James and Pfister, Tomas and Magee, Derek R and Hogg, David C and Zisserman, Andrew},
	title = {{Domain adaptation for upper body pose tracking in signed tv broadcasts}},
	booktitle = {BMVC},
	year = {2013}
	}

	@inproceedings{Zhang:2008uj,
	author = {Zhang, Weiwei and Sun, Jian and Tang, Xiaoou},
	title = {{Cat head detection - how to effectively exploit shape and texture features}},
	booktitle = {ECCV},
	year = {2008}
	}
	@inproceedings{Liu:2016td,
	author = {Liu, Ziwei and Yan, Sijie and Luo, Ping and Wang, Xiaogang and Tang, Xiaoou},
	title = {{Fashion landmark detection in the wild}},
	booktitle = {ECCV},
	year = {2016}
	}

	@techreport{Wah:2011vq,
	author = {Wah, C and Branson, S and Welinder, P and Perona, P and Belongie, S},
	title = {{The caltech-ucsd birds-200-2011 dataset}},
	institution = {California Institute of Technology
	},
	year = {2011}
	}

	@article{Russakovsky2015imagenet,
      title={Imagenet large scale visual recognition challenge},
      author={Russakovsky, Olga and Deng, Jia and Su, Hao and Krause, Jonathan and Satheesh, Sanjeev and Ma, Sean and Huang, Zhiheng and Karpathy, Andrej and Khosla, Aditya and Bernstein, Michael and others},
      journal={ICCV},
      year={2015}
    }

% Architecture
	%
	@article{Newell:2016vq,
	author = {Newell, Alejandro and Yang, Kaiyu and Deng, Jia},
	title = {{Stacked hourglass networks for human pose estimation}},
	journal = {ECCV},
	year = {2016}
	}


	@inproceedings{Ronneberger:2015gk,
	author = {Ronneberger, Olaf and Fischer, Philipp and Brox, Thomas},
	title = {{U-net: Convolutional networks for biomedical image segmentation}},
	booktitle = {MICCAI},
	year = {2015}
	}

    @inproceedings{Szegedy2015inception,
      title={Going deeper with convolutions},
      author={Szegedy, Christian and Liu, Wei and Jia, Yangqing and Sermanet, Pierre and Reed, Scott and Anguelov, Dragomir and Erhan, Dumitru and Vanhoucke, Vincent and Rabinovich, Andrew},
      booktitle={CVPR},
      year={2015}
    }

    @article{Isola2017image,
      title={Image-to-image translation with conditional adversarial networks},
      author={Isola, Phillip and Zhu, Jun-Yan and Zhou, Tinghui and Efros, Alexei A},
      journal={arXiv preprint},
      year={2017}
    }
